<record><leader>00000cas a22000007a 4500</leader><controlfield tag="001">14444531</controlfield><controlfield tag="008">861021c19uu9999okuwr ne      0   a0eng d</controlfield><datafield ind1=" " ind2=" " tag="010"><subfield code="a">sn 86002858 </subfield></datafield><datafield ind1=" " ind2=" " tag="040"><subfield code="a">NSD</subfield><subfield code="b">eng</subfield><subfield code="c">NSD</subfield><subfield code="d">OCLCQ</subfield></datafield><datafield ind1=" " ind2=" " tag="012"><subfield code="m">1</subfield></datafield><datafield ind1="1" ind2=" " tag="022"><subfield code="a">0890-9040</subfield><subfield code="l">0890-9040</subfield><subfield code="2">1</subfield></datafield><datafield ind1=" " ind2=" " tag="032"><subfield code="a">000241</subfield><subfield code="b">USPS</subfield></datafield><datafield ind1=" " ind2=" " tag="037"><subfield code="b">Collinsville Herald, 1113 W. Main, Collinsville, OK 74021</subfield></datafield><datafield ind1=" " ind2=" " tag="042"><subfield code="a">nsdp</subfield></datafield><datafield ind1="0" ind2=" " tag="130"><subfield code="a">Collinsville herald (Collinsville, Okla.)</subfield></datafield><datafield ind1=" " ind2="0" tag="222"><subfield code="a">Collinsville herald</subfield><subfield code="b">(Collinsville, Okla.)</subfield></datafield><datafield ind1="1" ind2="0" tag="245"><subfield code="a">Collinsville herald.</subfield></datafield><datafield ind1=" " ind2=" " tag="260"><subfield code="a">Collinsville, Ok. :</subfield><subfield code="b">Retherford Publications</subfield></datafield><datafield ind1=" " ind2=" " tag="310"><subfield code="a">Weekly</subfield></datafield><datafield ind1=" " ind2=" " tag="588"><subfield code="a">Description based on: Vol. 16, no. 47 (Wednesday, Sept. 3, 1986).</subfield></datafield><datafield ind1=" " ind2=" " tag="752"><subfield code="a">United States</subfield><subfield code="b">Oklahoma</subfield><subfield code="c">Tulsa</subfield><subfield code="d">Collinsville.</subfield></datafield><datafield ind1="0" ind2="0" tag="780"><subfield code="t">Collinsville pennysaver</subfield></datafield></record>